@inproceedings{DBLP:conf/ijcai/BroeckTMDR11,
  author       = {Guy {Van den Broeck} and
                  Nima Taghipour and
                  Wannes Meert and
                  Jesse Davis and
                  Luc {De Raedt}},
  title        = {Lifted Probabilistic Inference by First-Order Knowledge Compilation},
  booktitle    = {{IJCAI}},
  pages        = {2178--2185},
  publisher    = {{IJCAI/AAAI}},
  year         = {2011}
}
@inproceedings{DBLP:conf/nips/Broeck11,
  author       = {Guy {Van den Broeck}},
  title        = {On the Completeness of First-Order Knowledge Compilation for Lifted
                  Probabilistic Inference},
  booktitle    = {{NIPS}},
  pages        = {1386--1394},
  year         = {2011}
}
@inproceedings{DBLP:conf/kr/DilkasB23,
  author       = {Paulius Dilkas and
                  Vaishak Belle},
  title        = {Synthesising Recursive Functions for First-Order Model Counting: Challenges,
                  Progress, and Conjectures},
  booktitle    = {{KR}},
  pages        = {198--207},
  year         = {2023}
}
